@online{latex_symbols_2017,
	author = {Pakin, Scott},
	title = {The Comprehensive Latex Symbol List},
	year = 2017,
	url = {http://mirrors.ctan.org/info/symbols/comprehensive/symbols-a4.pdf},
	urldate = {2017-11-24}
}